<record><leader>00000cas a2200000 a 4500</leader><controlfield tag="001">2260154</controlfield><controlfield tag="008">760620d19691983dcumn ne      0   a0eng  </controlfield><datafield ind1=" " ind2=" " tag="010"><subfield code="a">   77019387 </subfield></datafield><datafield ind1=" " ind2=" " tag="040"><subfield code="a">DLC</subfield><subfield code="b">eng</subfield><subfield code="c">PIT</subfield><subfield code="d">UCU</subfield><subfield code="d">COO</subfield><subfield code="d">MUL</subfield><subfield code="d">DLC</subfield><subfield code="d">NSD</subfield><subfield code="d">DLC</subfield><subfield code="d">OCL</subfield><subfield code="d">NST</subfield><subfield code="d">OCL</subfield><subfield code="d">NYS</subfield><subfield code="d">DLC</subfield><subfield code="d">OCLCQ</subfield><subfield code="d">CUV</subfield><subfield code="d">OCLCA</subfield><subfield code="d">OCLCF</subfield><subfield code="d">OCL</subfield></datafield><datafield ind1=" " ind2=" " tag="012"><subfield code="a">3</subfield></datafield><datafield ind1="1" ind2=" " tag="022"><subfield code="a">0011-7153</subfield><subfield code="l">0011-7153</subfield><subfield code="2">1</subfield></datafield><datafield ind1=" " ind2=" " tag="042"><subfield code="a">pcc</subfield><subfield code="a">nsdp</subfield></datafield><datafield ind1=" " ind2=" " tag="043"><subfield code="a">n-us-dc</subfield></datafield><datafield ind1="0" ind2="0" tag="050"><subfield code="a">F191</subfield><subfield code="b">.D2</subfield></datafield><datafield ind1=" " ind2=" " tag="082"><subfield code="a">071.53</subfield></datafield><datafield ind1="2" ind2=" " tag="082"><subfield code="a">975.3</subfield></datafield><datafield ind1=" " ind2="0" tag="222"><subfield code="a">D.C. gazette</subfield></datafield><datafield ind1="0" ind2="0" tag="245"><subfield code="a">D.C. gazette.</subfield></datafield><datafield ind1="1" ind2=" " tag="246"><subfield code="a">District of Columbia gazette</subfield></datafield><datafield ind1="1" ind2=" " tag="246"><subfield code="a">DC Gazette</subfield><subfield code="f">1975-</subfield></datafield><datafield ind1=" " ind2=" " tag="260"><subfield code="a">Washington, D.C.</subfield><subfield code="b">[Capital East Gazette]</subfield></datafield><datafield ind1=" " ind2=" " tag="310"><subfield code="a">Eleven issues yearly,</subfield><subfield code="b">June 1973-</subfield></datafield><datafield ind1="1" ind2=" " tag="362"><subfield code="a">Began publication in 1969.</subfield></datafield><datafield ind1="1" ind2=" " tag="362"><subfield code="a">Ceased publication in 1983?</subfield></datafield><datafield ind1=" " ind2=" " tag="515"><subfield code="a">Preliminary issues published; Sept. 25, 1969 issues, called vol. 1, nr. 1, notes: This is the first issue of the D.C. Gazette, incorporating our earlier publication, 'News notes.' In November, the D.C. Gazette begins regular twice-monthly publication with 22 issues every year.</subfield></datafield><datafield ind1=" " ind2=" " tag="500"><subfield code="a">Has supplement, art review, Apr.-Dec. 1974: Washington review; and special annual issues: The Gazette guide to national action organizations, national alternative media, DC organizations, &amp; DC media.</subfield></datafield><datafield ind1=" " ind2=" " tag="500"><subfield code="a">"Bucking the system since 1966"--1979.</subfield></datafield><datafield ind1=" " ind2=" " tag="530"><subfield code="a">Available on microfilm from UMI (Underground newspaper/press collection).</subfield></datafield><datafield ind1=" " ind2=" " tag="588"><subfield code="a">Latest issue consulted: Vol. 14, no. 7 (Aug./Sept. 1983).</subfield></datafield><datafield ind1=" " ind2="0" tag="651"><subfield code="a">Washington (D.C.)</subfield><subfield code="x">Politics and government</subfield><subfield code="y">1967-1995</subfield><subfield code="v">Newspapers.</subfield></datafield><datafield ind1=" " ind2="0" tag="650"><subfield code="a">Underground press publications</subfield><subfield code="z">Washington (D.C.)</subfield></datafield><datafield ind1=" " ind2="0" tag="651"><subfield code="a">Washington (D.C.)</subfield><subfield code="v">Newspapers.</subfield></datafield><datafield ind1=" " ind2="7" tag="650"><subfield code="a">Politics and government</subfield><subfield code="2">fast</subfield><subfield code="0">(OCoLC)fst01919741</subfield></datafield><datafield ind1=" " ind2="7" tag="650"><subfield code="a">Underground press publications.</subfield><subfield code="2">fast</subfield><subfield code="0">(OCoLC)fst01160984</subfield></datafield><datafield ind1=" " ind2="7" tag="651"><subfield code="a">Washington (D.C.)</subfield><subfield code="2">fast</subfield><subfield code="0">(OCoLC)fst01204505</subfield></datafield><datafield ind1=" " ind2="7" tag="648"><subfield code="a">1967 - 1995</subfield><subfield code="2">fast</subfield></datafield><datafield ind1=" " ind2="7" tag="655"><subfield code="a">Newspapers.</subfield><subfield code="2">fast</subfield><subfield code="0">(OCoLC)fst01423814</subfield></datafield><datafield ind1="0" ind2=" " tag="730"><subfield code="a">Capital East gazette.</subfield></datafield><datafield ind1=" " ind2=" " tag="752"><subfield code="a">United States</subfield><subfield code="b">District of Columbia</subfield><subfield code="d">Washington.</subfield></datafield><datafield ind1="0" ind2=" " tag="776"><subfield code="c">Microfilm</subfield><subfield code="d">UMI</subfield><subfield code="k">Underground newspaper collection</subfield><subfield code="k">Underground press collection</subfield><subfield code="w">(OCoLC)42463689</subfield></datafield><datafield ind1="0" ind2="0" tag="785"><subfield code="t">Progressive review &amp; DC gazette</subfield><subfield code="w">(OCoLC)11585509</subfield></datafield><datafield ind1=" " ind2=" " tag="850"><subfield code="a">DLC</subfield><subfield code="a">KU-S</subfield></datafield><datafield ind1="1" ind2=" " tag="029"><subfield code="a">AU@</subfield><subfield code="b">000022246606</subfield></datafield></record>